@article{Christlein2017Encoding,
	author    = {Vincent Christlein and
	Andreas K. Maier},
	title     = {Encoding {CNN} Activations for Writer Recognition},
	journal   = {CoRR},
	volume    = {abs/1712.07923},
	year      = {2017},
	url       = {http://arxiv.org/abs/1712.07923},
	archivePrefix = {arXiv},
	eprint    = {1712.07923},
	timestamp = {Thu, 04 Jan 2018 12:38:35 +0100},
	biburl    = {https://dblp.org/rec/bib/journals/corr/abs-1712-07923},
	bibsource = {dblp computer science bibliography, https://dblp.org}
}

@article{Christlein2017Unsupervised,
	title={Unsupervised Feature Learning for Writer Identification and Writer Retrieval},
	author={Vincent Christlein and Martin Gropp and Stefan Fiel and Andreas K. Maier},
	journal={2017 14th IAPR International Conference on Document Analysis and Recognition (ICDAR)},
	year={2017},
	volume={01},
	pages={991-997}
}

@inproceedings{ICDAR2017WI,
	author = {S. Fiel and F. Kleber and M. Diem and V. Christlein and G. Louloudis and S. Nikos and B. Gatos},
	booktitle = {2017 14th IAPR International Conference on Document Analysis and Recognition (ICDAR)},
	title = {ICDAR2017 Competition on Historical Document Writer Identification (Historical-WI)},
	year = {2018},
	volume = {01},
	number = {},
	pages = {1377-1382},
	keywords={Feature extraction;Kernel;Ink;Electronic mail;Measurement;Histograms;Fasteners},
	doi = {10.1109/ICDAR.2017.225},
	url = {doi.ieeecomputersociety.org/10.1109/ICDAR.2017.225},
	ISSN = {2379-2140},
	month={Nov.}
}

@inproceedings{murray2014generalized,
	title={Generalized max pooling},
	author={Murray, Naila and Perronnin, Florent},
	booktitle={Proceedings of the IEEE Conference on Computer Vision and Pattern Recognition},
	pages={2473--2480},
	year={2014}
}
@article{murray2017interferences,
	title={Interferences in match kernels},
	author={Murray, Naila and J{\'e}gou, Herv{\'e} and Perronnin, Florent and Zisserman, Andrew},
	journal={IEEE Transactions on Pattern Analysis and Machine Intelligence},
	volume={39},
	number={9},
	pages={1797--1810},
	year={2017},
	publisher={IEEE}
}